@article{Buitinck2013APIProject,
    title = {{API design for machine learning software: experiences from the scikit-learn project}},
    year = {2013},
    author = {Buitinck, Lars and Louppe, Gilles and Blondel, Mathieu and Pedregosa, Fabian and M{\"{u}}ller, Andreas C and Grisel, Olivier and Niculae, Vlad and Prettenhofer, Peter and Gramfort, Alexandre and Grobler, Jaques and Layton, Robert and Vanderplas, Jake and Joly, Arnaud and Holt, Brian and Varoquaux, Gaël},
    month = {9},
    url = {https://arxiv.org/pdf/1309.0238},
    arxivId = {1309.0238},
    keywords = {()}
}

@article{Miller2015BiomarkersFuture,
    title = {{Biomarkers of Parkinson’s disease: Present and future}},
    year = {2015},
    journal = {Metabolism},
    author = {Miller, Diane B. and O'Callaghan, James P.},
    number = {3},
    month = {3},
    pages = {S40-S46},
    volume = {64},
    publisher = {W.B. Saunders},
    url = {https://www.sciencedirect.com/science/article/pii/S0026049514003394},
    doi = {10.1016/J.METABOL.2014.10.030},
    issn = {0026-0495},
    pmid = {25510818},
    keywords = {Fluid biomarkers, Imaging, Transcranial sonography, {$\alpha$}-Synuclein}
}

@article{Tolosa2021ChallengesDisease,
    title = {{Challenges in the diagnosis of Parkinson's disease}},
    year = {2021},
    journal = {The Lancet Neurology},
    author = {Tolosa, Eduardo and Garrido, Alicia and Scholz, Sonja W. and Poewe, Werner},
    number = {5},
    month = {5},
    pages = {385--397},
    volume = {20},
    publisher = {Lancet Publishing Group},
    url = {https://www.thelancet.com/action/showFullText?pii=S1474442221000302 https://www.thelancet.com/action/showAbstract?pii=S1474442221000302 https://www.thelancet.com/journals/laneur/article/PIIS1474-4422(21)00030-2/abstract},
    doi = {10.1016/S1474-4422(21)00030-2/ATTACHMENT/7A008994-39AA-4050-8DD6-B3A3C9DF0571/MMC1.PDF},
    issn = {14744465},
    pmid = {33894193}
}

@article{Love2016DifferentialPackage,
    title = {{Differential analysis of count data-the DESeq2 package}},
    year = {2016},
    author = {Love, Michael I and Anders, Simon and Huber, Wolfgang},
    url = {http://dx.doi.org/10.1186/s13059-014-0550-8},
    doi = {10.1186/s13059-014-0550-8}
}

@article{Cemernek2024EffectsInterpretability,
    title = {{Effects of Class Imbalance Countermeasures on Interpretability}},
    year = {2024},
    journal = {IEEE Access},
    author = {Cemernek, David and Siddiqi, Shafaq and Kern, Roman},
    pages = {45342--45358},
    volume = {12},
    publisher = {Institute of Electrical and Electronics Engineers Inc.},
    doi = {10.1109/ACCESS.2024.3381536},
    issn = {21693536},
    keywords = {Classification, class imbalance, explainable AI, interpretability}
}

@article{Liao2014FeatureCounts:Features,
    title = {{featureCounts: an efficient general purpose program for assigning sequence reads to genomic features}},
    year = {2014},
    journal = {Bioinformatics},
    author = {Liao, Yang and Smyth, Gordon K. and Shi, Wei},
    number = {7},
    month = {4},
    pages = {923--930},
    volume = {30},
    publisher = {Oxford Academic},
    url = {https://dx.doi.org/10.1093/bioinformatics/btt656 http://www.bioconductor.org},
    doi = {10.1093/BIOINFORMATICS/BTT656},
    issn = {1367-4803},
    pmid = {24227677},
    arxivId = {1305.3347}
}

@article{Li2021Gene4PD:Disease,
    title = {{Gene4PD: A Comprehensive Genetic Database of Parkinson’s Disease}},
    year = {2021},
    journal = {Frontiers in Neuroscience},
    author = {Li, Bin and Zhao, Guihu and Zhou, Qiao and Xie, Yali and Wang, Zheng and Fang, Zhenghuan and Lu, Bin and Qin, Lixia and Zhao, Yuwen and Zhang, Rui and Jiang, Li and Pan, Hongxu and He, Yan and Wang, Xiaomeng and Luo, Tengfei and Zhang, Yi and Wang, Yijing and Chen, Qian and Liu, Zhenhua and Guo, Jifeng and Tang, Beisha and Li, Jinchen},
    month = {4},
    pages = {679568},
    volume = {15},
    publisher = {Frontiers Media S.A.},
    url = {www.frontiersin.org},
    doi = {10.3389/FNINS.2021.679568/BIBTEX},
    issn = {1662453X},
    keywords = {Gene4PD database, PD-associated genes, Parkinson’s disease, age at onset, genetic variant}
}

@article{Lemaitre2016Imbalanced-learn:Learning,
    title = {{Imbalanced-learn: A Python Toolbox to Tackle the Curse of Imbalanced Datasets in Machine Learning}},
    year = {2016},
    journal = {Journal of Machine Learning Research},
    author = {Lema{\^{i}}tre, Guillaume and Nogueira, Fernando and Aridas, Christos K.},
    month = {9},
    pages = {1--5},
    volume = {18},
    publisher = {Microtome Publishing},
    url = {https://arxiv.org/pdf/1609.06570},
    issn = {15337928},
    arxivId = {1609.06570},
    keywords = {Ensemble learning, Imbalanced dataset, Machine learning, Over-sampling, Python, Under-sampling}
}

@article{LematreLematre2017Imbalanced-learn:Learning,
    title = {{Imbalanced-learn: A Python Toolbox to Tackle the Curse of Imbalanced Datasets in Machine Learning}},
    year = {2017},
    journal = {Journal of Machine Learning Research},
    author = {LemaˆıtreLemaˆıtre, Guillaume and Nogueira, Fernando and Aridas char, Christos K},
    number = {17},
    pages = {1--5},
    volume = {18},
    url = {http://jmlr.org/papers/v18/16-365.html},
    issn = {1533-7928},
    keywords = {Ensemble Learning, Imbalanced Dataset, Machine Learning, Over-Sampling, Python, Under-Sampling}
}

@article{Chen2017ISG12aApoptosis,
    title = {{ISG12a inhibits HCV replication and potentiates the anti-HCV activity of IFN-{$\alpha$} through activation of the Jak/STAT signaling pathway independent of autophagy and apoptosis}},
    year = {2017},
    journal = {Virus Research},
    author = {Chen, Yanzhao and Jiao, Baihai and Yao, Min and Shi, Xuezhen and Zheng, Zhebin and Li, Shilin and Chen, Limin},
    month = {1},
    pages = {231--239},
    volume = {227},
    publisher = {Elsevier B.V.},
    url = {https://pubmed.ncbi.nlm.nih.gov/27777077/},
    doi = {10.1016/j.virusres.2016.10.013},
    issn = {18727492},
    pmid = {27777077},
    keywords = {Apoptosis, Autophagy, HCV, IFN-{$\alpha$}, ISG12a, Jak/STAT}
}

@article{Xue2016ISG12aPathway,
    title = {{ISG12a Restricts Hepatitis C Virus Infection through the Ubiquitination-Dependent Degradation Pathway}},
    year = {2016},
    journal = {Journal of Virology},
    author = {Xue, Binbin and Yang, Darong and Wang, Jingjing and Xu, Yan and Wang, Xiaohong and Qin, Yuwen and Tian, Renyun and Chen, Shengwen and Xie, Qinya and Liu, Nianli and Zhu, Haizhen},
    number = {15},
    month = {8},
    pages = {6832--6845},
    volume = {90},
    publisher = {American Society for Microbiology},
    url = {https://pubmed.ncbi.nlm.nih.gov/27194766/},
    doi = {10.1128/JVI.00352-16,},
    issn = {0022-538X},
    pmid = {27194766},
    keywords = {Antiviral Agents / pharmacology*, Binbin Xue, Cells, Cultured, Darong Yang, Haizhen Zhu, Hepacivirus / drug effects*, Hepatitis C / metabolism, Hepatitis C / prevention {\&} control*, Hepatitis C / virology, Hepatocytes / cytology, Hepatocytes / drug effects, Hepatocytes / virology, Humans, MEDLINE, Membrane Proteins / pharmacology*, NCBI, NIH, NLM, National Center for Biotechnology Information, National Institutes of Health, National Library of Medicine, PMC4944290, Proteolysis, PubMed Abstract, Signal Transduction / drug effects*, Ubiquitin / metabolism*, Ubiquitination, Viral Nonstructural Proteins / metabolism*, doi:10.1128/JVI.00352-16, pmid:27194766}
}

@article{Oosterhuis2024LocalPredictions,
    title = {{Local Feature Selection without Label or Feature Leakage for Interpretable Machine Learning Predictions}},
    year = {2024},
    author = {Oosterhuis, Harrie and Lyu, Lijun and Anand, Avishek},
    month = {7},
    url = {https://arxiv.org/pdf/2407.11778},
    arxivId = {2407.11778}
}

@article{Love2014ModeratedDESeq2,
    title = {{Moderated estimation of fold change and dispersion for RNA-seq data with DESeq2}},
    year = {2014},
    journal = {Genome Biology},
    author = {Love, Michael I. and Huber, Wolfgang and Anders, Simon},
    number = {12},
    month = {12},
    pages = {1--21},
    volume = {15},
    publisher = {BioMed Central Ltd.},
    url = {https://genomebiology.biomedcentral.com/articles/10.1186/s13059-014-0550-8},
    doi = {10.1186/S13059-014-0550-8/FIGURES/9},
    issn = {1474760X},
    pmid = {25516281},
    keywords = {Animal Genetics and Genomics, Bioinformatics, Evolutionary Biology, Human Genetics, Microbial Genetics and Genomics, Plant Genetics and Genomics}
}

@misc{NECTIN1UniProt,
    title = {{NECTIN1 - Nectin-1 - Homo sapiens (Human) | UniProtKB | UniProt}},
    url = {https://www.uniprot.org/uniprotkb/Q15223/entry}
}

@misc{NECTIN2UniProt,
    title = {{NECTIN2 - Nectin-2 - Homo sapiens (Human) | UniProtKB | UniProt}},
    url = {https://www.uniprot.org/uniprotkb/Q92692/entry}
}

@article{Poewe2017ParkinsonDisease,
    title = {{Parkinson disease}},
    year = {2017},
    journal = {Nature Reviews Disease Primers},
    author = {Poewe, Werner and Seppi, Klaus and Tanner, Caroline M. and Halliday, Glenda M. and Brundin, Patrik and Volkmann, Jens and Schrag, Anette Eleonore and Lang, Anthony E.},
    month = {3},
    pages = {1--21},
    volume = {3},
    publisher = {Nature Publishing Group},
    doi = {10.1038/NRDP.2017.13},
    issn = {2056676X},
    pmid = {28332488}
}

@article{Balestrino2020ParkinsonDisease,
    title = {{Parkinson disease}},
    year = {2020},
    journal = {European Journal of Neurology},
    author = {Balestrino, R. and Schapira, A. H.V.},
    number = {1},
    month = {1},
    pages = {27--42},
    volume = {27},
    publisher = {Blackwell Publishing Ltd},
    url = {/doi/pdf/10.1111/ene.14108 https://onlinelibrary.wiley.com/doi/abs/10.1111/ene.14108 https://onlinelibrary.wiley.com/doi/10.1111/ene.14108},
    doi = {10.1111/ENE.14108;CTYPE:STRING:JOURNAL},
    issn = {14681331},
    pmid = {31631455},
    keywords = {Parkinson disease, clinical, genetics, movement disorders, neurodegeneration, pathophysiology, treatment}
}

@misc{QuickGO::TermGO:0006936,
    title = {{QuickGO::Term GO:0006936}},
    url = {https://www.ebi.ac.uk/QuickGO/term/GO:0006936}
}

@misc{QuickGO::TermGO:0023041,
    title = {{QuickGO::Term GO:0023041}},
    url = {https://www.ebi.ac.uk/QuickGO/term/GO:0023041}
}

@article{Maitin2022SurveyReview,
    title = {{Survey of Machine Learning Techniques in the Analysis of EEG Signals for Parkinson’s Disease: A Systematic Review}},
    year = {2022},
    journal = {Applied Sciences 2022, Vol. 12, Page 6967},
    author = {Maitin, Ana M. and Romero Mu{\~{n}}oz, Juan Pablo and Garc{\'{i}}a-Tejedor, Álvaro José},
    number = {14},
    month = {7},
    pages = {6967},
    volume = {12},
    publisher = {Multidisciplinary Digital Publishing Institute},
    url = {https://www.mdpi.com/2076-3417/12/14/6967/htm https://www.mdpi.com/2076-3417/12/14/6967},
    doi = {10.3390/APP12146967},
    issn = {2076-3417},
    keywords = {Parkinson’s disease, artificial neural networks, deep learning, electroencephalogram, machine learning, review}
}

@article{Koller2018TableGuidelines,
    title = {{Table 1, The clinical diagnostic criteria for Parkinson’s disease, based on the Movement Disorder Society guidelines}},
    year = {2018},
    journal = {Neurology},
    author = {Koller, William C.},
    number = {2},
    month = {12},
    pages = {1--11},
    volume = {43},
    publisher = {Codon Publications},
    doi = {10.15586/CODONPUBLICATIONS.PARKINSONSDISEASE.2018.CH6},
    issn = {1526632X}
}

@article{Dorsey2018ThePandemic,
    title = {{The emerging evidence of the Parkinson pandemic}},
    year = {2018},
    journal = {Journal of Parkinson's Disease},
    author = {Dorsey, E. Ray and Sherer, Todd and Okun, Michael S. and Bloemd, Bastiaan R.},
    number = {s1},
    pages = {S3-S8},
    volume = {8},
    publisher = {IOS Press},
    doi = {10.3233/JPD-181474},
    issn = {1877718X},
    pmid = {30584159},
    keywords = {Aging, Demography, Epidemiology, Parkinson disease, Pesticides, Smoking, Solvents, Survival}
}

@article{Zhao2021TPMRepository,
    title = {{TPM, FPKM, or Normalized Counts? A Comparative Study of Quantification Measures for the Analysis of RNA-seq Data from the NCI Patient-Derived Models Repository}},
    year = {2021},
    journal = {Journal of Translational Medicine},
    author = {Zhao, Yingdong and Li, Ming Chung and Konat{\'{e}}, Mariam M. and Chen, Li and Das, Biswajit and Karlovich, Chris and Williams, P. Mickey and Evrard, Yvonne A. and Doroshow, James H. and McShane, Lisa M.},
    number = {1},
    month = {12},
    pages = {1--15},
    volume = {19},
    publisher = {BioMed Central Ltd},
    url = {https://link.springer.com/articles/10.1186/s12967-021-02936-w https://link.springer.com/article/10.1186/s12967-021-02936-w},
    doi = {10.1186/S12967-021-02936-W/FIGURES/5},
    issn = {14795876},
    pmid = {34158060},
    keywords = {Count, DESeq2, FPKM, Normalization, Patient derived xenograft models, Quantification measures, RNA sequencing, RSEM, TMM, TPM}
}